@article{Boguslawskij-1998,
	author = {Mark M Boguslawskij and  Silvio Höfer},
	title = {{N}eue {E}ntwicklungen im russischen {I}nternationalen {P}rivatrecht},
	journal = {IPRax (Praxis des internationalen Zivil- und Verfahrensrechts)},
	volume = {18},
	year = {1998},
	pages = {41--43},
	publisher = {Gieseking},
	issn = {072-06585},
	inlit = {Angabe im Literaturverzeichnis.},
}
@article{Canaris-1993,
	author = {Claus-Wilhelm Canaris},
	title = {{F}unktion, {S}truktur und {F}alsifikation juristischer {T}heorien},
	journal = {Juristen-Zeitung},
	volume = {48},
	year = {1993},
	pages = {377--391},
	publisher = {Mohr Siebeck},
	issn = {0022-6882 (gedruckte Ausgabe) 1868-7067 (Online-Ausgabe)},
	url = {http://www.ingentaconnect.com/content/mohr/jz},
	inlit = {Angabe im Literaturverzeichnis.},
}
@article{Capatina-1994,
	author = {Octavian Căpăţînă},
	title = {{D}as neue rumänische {I}nternationale {P}rivatrecht},
	journal = {Rabels Zeitschrift für ausländisches und internationales Privatrecht},
	volume = {58},
	year = {1994},
	pages = {465--521},
	publisher = {Mohr Siebeck},
	issn = {0033-7250 (gedruckte Ausgabe) 1868-7059 (Online-Ausgabe)},
	url = {https://www.ingentaconnect.com/register/institutional},
	inlit = {Angabe im Literaturverzeichnis.},
}
@article{Einsele-1996,
	author = {Dorothee Einsele},
	title = {{R}echtswahlfreiheit im {I}nternationalen {P}rivatrecht},
	journal = {Rabels Zeitschrift für ausländisches und internationales Privatrecht},
	volume = {60},
	year = {1996},
	pages = {417--447},
	publisher = {Mohr Siebeck},
	issn = {0033-7250 (gedruckte Ausgabe) 1868-7059 (Online-Ausgabe)},
	url = {https://www.ingentaconnect.com/register/institutional},
	inlit = {Angabe im Literaturverzeichnis.},
}
@book{Grundmann-1985,
	author = {Stefan Grundmann},
	year = {1985},
	title = {{Q}ualifikation gegen die {S}achnorm. {D}eutsch-portugiesische {B}eiträge zur {A}utonomie des internationalen {P}rivatrechts},
	isbn = {3-406-30509-1},
	publisher = {C.H. Beck},
	address = {München},
	inlit = {Angabe im Literaturverzeichnis.},
}
@article{Hartwieg-1993,
	author = {Oskar Hartwieg},
	title = {{D}ie {K}lassifikation von {M}obiliarsicherheiten im grenzüberschreitenden {H}andel. {Z}ur verfahrensorientierten {Q}ualifikation im {K}ollisionsrecht},
	journal = {Rabels Zeitschrift für ausländisches und internationales Privatrecht},
	volume = {57},
	year = {1993},
	pages = {607--640},
	publisher = {Mohr Siebeck},
	issn = {0033-7250 (gedruckte Ausgabe) 1868-7059 (Online-Ausgabe)},
	url = {https://www.ingentaconnect.com/register/institutional},
	inlit = {Angabe im Literaturverzeichnis.},
}
@book{Heyn-1986,
	author = {Hanns-Christian Heyn},
	year = {1986},
	title = {{D}ie \textquotedbl{}{D}oppel-\textquotedbl{} und \textquotedbl{}{M}ehrfachqualifikation\textquotedbl{} im {I}{P}{R}},
	isbn = {3-7875-0228-9},
	publisher = {Alfred Metzner},
	address = {Frankfurt a.M.},
	url = {http://books.google.de/books?id=qTRNAQAAIAAJ},
	inlit = {Angabe im Literaturverzeichnis.},
}
@article{Huzel-1990,
	author = {Erhard Huzel},
	title = {{N}eues {I}nternationales {P}rivatrecht in {K}uba},
	journal = {IPRax (Praxis des internationalen Zivil- und Verfahrensrechts)},
	volume = {10},
	year = {1990},
	pages = {416--419},
	publisher = {Gieseking},
	issn = {072-06585},
	inlit = {Angabe im Literaturverzeichnis.},
}
@book{Joerges-1971,
	author = {Christian Joerges},
	year = {1971},
	title = {{Z}um {F}unktionswandel des {K}ollisionsrechts. {D}ie \textquotedbl{}{G}overnmental {I}nterest {A}nalysis\textquotedbl{} und die \textquotedbl{}{K}rise des {K}ollisionsrechts\textquotedbl{}},
	isbn = {3 16 32071 7 (Mohr) und 3 11 002162 3 (de Gruyter)},
	publisher = {Mohr Siebeck und de Gruyter},
	address = {Tübingen},
	inlit = {Angabe im Literaturverzeichnis.},
}
@book{Kegel-1995,
	author = {Gerhard Kegel},
	year = {1995},
	title = {{I}nternationales {P}rivatrecht, 7. {A}uflage},
	isbn = {3 406 38500 1},
	publisher = {C.H. Beck},
	address = {München},
	inlit = {Angabe im Literaturverzeichnis.},
}
@book{Kropholler-1975,
	author = {Jan Kropholler},
	year = {1975},
	title = {{I}nternationales {E}inheitsrecht: allgemeine {L}ehren},
	isbn = {3-16-636882-5},
	publisher = {Mohr Siebeck},
	address = {München},
	url = {http://books.google.de/books?id=oD_wgxTDkzQC},
	inlit = {Angabe im Literaturverzeichnis.},
}
@book{Kropholler-1997,
	author = {Jan Kropholler},
	year = {1997},
	title = {{I}nternationales {P}rivatrecht. {A}uf der {G}rundlage des {W}erkes von {P}aul {H}einrich {N}euhaus, {D}ie {G}rundbegriffe des {I}nternationalen {P}rivatrechts, 3. neubearbeitete {A}uflage},
	isbn = {3-16-146705-1},
	publisher = {Mohr Siebeck},
	address = {Tübingen},
	inlit = {Angabe im Literaturverzeichnis.},
}
@article{Ma-1995,
	author = {Ma Lin},
	title = {{D}ie gegenwärtige {E}ntwicklung des chinesischen {I}nternationalen {P}rivatrechts --- {I}{P}{R}-{G}esetzentwurf in der {V}{R} {C}hina},
	journal = {IPRax (Praxis des internationalen Zivil- und Verfahrensrechts)},
	volume = {15},
	year = {1995},
	pages = {334--337},
	publisher = {Gieseking},
	issn = {072-06585},
	note = {Ma wird im Literatuverzeichnis unter dem Vornamen, Lin, angeführt},
	inlit = {Angabe im Literaturverzeichnis.},
}
@book{Makarov-1978,
	author = {A[leksandr]. N. Makarov},
	year = {1978},
	title = {{Q}uellen des {I}nternationalen {P}rivatrechts --- {N}ationale {K}odifikation$[$en$]$ -, 3. {A}uflage, bearbeitet von {J}an {K}ropholler, {P}aul {H}einrich {N}euhaus und {J}an {P}eter {W}aehler},
	isbn = {3-16-640612-3},
	publisher = {Mohr Siebeck},
	address = {Tübingen},
	url = {http://books.google.de/books?id=rGsr0ab8lgUC&pg=PR5},
	note = {Auf dem Deckblatt steht \textquotedbl{}Nationale Kodifikation\textquotedbl{}, in der CIP-Kurztitelaufnahme \textquotedbl{}Nationale Kodifikationen\textquotedbl{}.Bei der DNB \textrightarrow{} Titelaufnahme \href{http://d-nb.info/780232054}{780232054} \textrightarrow{} \href{http://d-nb.info/780232054/04}{Inhalt}},
	inlit = {Angabe im Literaturverzeichnis.},
}
@book{Schurig-1981,
	author = {Klaus Schurig},
	year = {1981},
	title = {{K}ollisionsnorm und {S}achrecht. {Z}u {S}truktur, {S}tandort und {M}ethode des internationalen {P}rivatrechts},
	isbn = {3-428-04825-3},
	publisher = {Duncker \& Humblot},
	address = {Berlin},
	inlit = {Angabe im Literaturverzeichnis.},
}
Fehler, kann Herausgeber nicht uebersetzen! Quelle: Kategorie:Sonnenberger 1990
@incollection{Sonnenberger-1990,
	author = {Hans-Jürgen Sonnenberger},
	year = {1990},
	title = {{I}nternationales {P}rivatrecht, {E}inleitung},
	booktitle = {{M}ünchener {K}ommentar zum {B}ürgerlichen {G}esetzbuch. {B}and 7. {E}inführungsgesetz zum {B}ürgerlichen {G}esetzbuche. {I}nternationales {P}rivatrecht},
	edition = {2. Auflage},
	pages = {5},
	publisher = {C.H. Beck},
	address = {München},
	isbn = {3-406-30546-6},
	inlit = {Angabe im Literaturverzeichnis.},
}
@book{Steindorff-1958,
	author = {Ernst Steindorff},
	year = {1958},
	title = {{S}achnormen im internationalen {P}rivatrecht},
	publisher = {Klostermann},
	address = {Frankfurt},
	inlit = {Angabe im Literaturverzeichnis.},
}
@book{Von-Bar-1987,
	author = {Christian von Bar and  Peter Mankowski},
	year = {1987},
	title = {{I}nternationales {P}rivatrecht. 1. {A}llgemeine {L}ehren},
	isbn = {3-406-32080-5},
	publisher = {C.H. Beck},
	address = {München},
	inlit = {Angabe im Literaturverzeichnis.},
}
@book{Weber-1986,
	author = {Helmut Weber},
	year = {1986},
	title = {{D}ie {T}heorie der {Q}ualifikation. {F}ranz {K}ahn, {E}tienne {B}artin und die {E}ntwicklung ihrer {L}ehre bis zur universellen {A}nerkennung der {Q}ualifikation als allgemeines {P}roblem des {I}nternationalen {P}rivatrechts (1890-1945)},
	isbn = {3-16-645018-1},
	publisher = {Mohr Siebeck},
	address = {Tübingen},
	url = {http://books.google.de/books?id=YKNQeqvm1KQC},
	inlit = {Angabe im Literaturverzeichnis.},
}
@article{Zweigert-1973,
	author = {Konrad Zweigert},
	title = {{Z}ur {A}rmut des {I}nternationalen {P}rivatrechts an sozialen {W}erten},
	journal = {Rabels Zeitschrift für ausländisches und internationales Privatrecht},
	volume = {37},
	year = {1973},
	pages = {435--452},
	publisher = {Mohr Siebeck},
	issn = {0033-7250 (gedruckte Ausgabe) 1868-7059 (Online-Ausgabe)},
	url = {https://www.ingentaconnect.com/register/institutional},
	inlit = {Angabe im Literaturverzeichnis.},
}
